@inbook{inbook,
author = {Ardimento, Pasquale and Boffoli, Nicola and Mele, Costantino},
year = {2020},
month = {01},
pages = {63-83},
title = {A Text-Based Regression Approach to Predict Bug-Fix Time},
isbn = {978-3-030-36616-2},
doi = {10.1007/978-3-030-36617-9_5}
}