@article{article,
author = {Güemes-Peña, Diego and Nozal, Carlos and Sánchez, Raúl and Maudes, Jesús},
year = {2018},
month = {03},
pages = {},
title = {Emerging topics in mining software repositories: Machine learning in software repositories and datasets},
volume = {7},
journal = {Progress in Artificial Intelligence},
doi = {10.1007/s13748-018-0147-7}
}