@unknown{unknown,
author = {Assar, Sa√Ød and Borg, Markus and Pfahl, Dietmar},
year = {2015},
month = {12},
pages = {},
title = {Using text clustering to predict defect resolution time: A conceptual replication and an evaluation of prediction accuracy}
}