@article{article,
author = {Sharma, Meera and Kumari, Madhu and Singh, V.},
year = {2019},
month = {09},
pages = {},
title = {Multi-attribute dependent bug severity and fix time prediction modeling},
volume = {10},
journal = {International Journal of System Assurance Engineering and Management},
doi = {10.1007/s13198-019-00888-5}
}