@inproceedings{inproceedings,
author = {Ardimento, Pasquale and Bilancia, Massimo and Monopoli, Stefano},
year = {2016},
month = {10},
pages = {167-182},
title = {Predicting Bug-Fix Time: Using Standard Versus Topic-Based Text Categorization Techniques},
isbn = {978-3-319-46306-3},
doi = {10.1007/978-3-319-46307-0_11}
}