@misc{clifton, 
title={Data mining}, 
url={https://www.britannica.com/technology/data-mining}, 
journal={Encyclopædia Britannica}, 
publisher={Encyclopædia Britannica, inc.}, 
author={Clifton, Christopher},
note = "[Online; accessed 1-03-2021]",
Year = {2019}
}