@book{37741120110101,
Abstract = {Data Mining: Concepts and Techniques provides the concepts
and techniques in processing gathered data or information, which will be
used in various applications. Specifically, it explains data mining and
the tools used in discovering knowledge from the collected data. This
book is referred as the knowledge discovery from data (KDD). It focuses
on the feasibility, usefulness, effectiveness, and scalability of
techniques of large data sets. After describing data mining, this
edition explains the methods of knowing, preprocessing, processing, and
warehousing data. It then presents information about data warehouses,
online analytical processing (OLAP), and data cube technology. Then, the
methods involved in mining frequent patterns, associations, and
correlations for large data sets are described. The book details the
methods for data classification and introduces the concepts and methods
for data clustering. The remaining chapters discuss the outlier
detection and the trends, application},
Author = {Jiawei, Han and Jian, Pei and Micheline, Kamber},
ISBN = {9780123814791},
Publisher = {Morgan Kaufmann},
Series = {The Morgan Kaufmann Series in Data Management Systems},
Title = {Data Mining: Concepts and Techniques.},
Volume = {3rd ed},
URL =
{http://search.ebscohost.com/login.aspx?direct=true&db=nlebk&AN=377411&site=ehost-live},
Year = {2011},
}
