@article{Laat-2007,
author = {de Laat, Paul},
year = {2007},
month = {02},
pages = {165-177},
title = {Governance of open source software: State of the Art},
volume = {11},
journal = {Journal of Management and Governance},
doi = {10.1007/s10997-007-9022-9}
}