@INPROCEEDINGS{Pombo-2020,
  author={N. {Pombo} and R. {Teixeira}},
  booktitle={2020 IEEE 14th International Conference on Application of Information and Communication Technologies (AICT)}, 
  title={Contribution of Temporal Sequence Activities To Predict Bug Fixing Time}, 
  year={2020},
  volume={},
  number={},
  pages={1-6},
  doi={10.1109/AICT50176.2020.9368603}}
