@article{Raja2012AllCA,
  title={All complaints are not created equal: text analysis of open source software defect reports},
  author={Uzma Raja},
  journal={Empirical Software Engineering},
  year={2012},
  volume={18},
  pages={117-138},
  uri={https://doi.org/10.1007/s10664-012-9197-9},
  doi={10.1007/s10664-012-9197-9}
}