@inproceedings{hassan2008road,
  title={The road ahead for mining software repositories},
  author={Hassan, Ahmed E},
  booktitle={2008 Frontiers of Software Maintenance},
  pages={48--57},
  year={2008},
  organization={IEEE}
}
