@article{Wang-2015,
author = {Wang, Jing and Shih, Patrick and Wu, Yu and Carroll, John},
year = {2015},
month = {11},
pages = {1-12},
title = {Comparative case studies of open source software peer review practices},
volume = {67},
journal = {Information and Software Technology},
doi = {10.1016/j.infsof.2015.06.002}
}